
@article{zilinskas.gimbutiene.2015,
title = {On one-step worst-case optimal trisection in univariate bi-objective {L}ipschitz optimization},
journal = {Communications in Nonlinear Science and Numerical Simulation},
volume = {35C},
number = {},
pages = {123-136},
year = {2016},
note = {},
issn = {1007-5704},
doi = {http://dx.doi.org/10.1016/j.cnsns.2015.11.002},
url = {http://www.sciencedirect.com/science/article/pii/S1007570415003688},
author = {A. \v{Z}ilinskas and G. Gimbutien\.{e}},
note={doi: http://dx.doi.org/10.1016/j.cnsns.2015.11.002}
}


